 @article{kou_2002, title={A jump-diffusion model for option pricing}, volume={48}, DOI={10.1287/mnsc.48.8.1086.166}, number={8}, journal={Management Science}, author={Kou, S. G.}, year={2002}, pages={1086–1101}} 
 @book{hull_2018, place={Harlow, Essex, England}, title={Options, futures, and other derivatives}, publisher={Pearson Education Limited}, author={Hull, John}, year={2018}} 
 @book{klenke_2020, place={Cham, Switzerland}, title={Probability theory: A comprehensive course}, publisher={Springer}, author={Klenke, Achim}, year={2020}} 
 @book{mikosch_2011, place={Singapore}, title={Elementary stochastic calculus with finance in View}, publisher={World Scientific}, author={Mikosch, Thomas}, year={2011}} 
 @book{resnick_1992, place={Boston}, title={Adventures in stochastic processes}, publisher={Birkhäuser}, author={Resnick, Sidney I.}, year={1992}} 
 @book{shreve_2011, place={New York}, title={Stochastic calculus for finance II}, publisher={Springer}, author={Shreve, Steven E.}, year={2011}} 
 @misc{handel, title={Stochastic calculus, filtering, and ... - Princeton University}, url={https://web.math.princeton.edu/~rvan/acm217/ACM217.pdf}, author={Handel, Ramon  van}} 
 @article{hanson_westman, title={Stochastic analysis of jump-diffusions for financial log-return processes}, DOI={10.1007/3-540-48022-6_13}, journal={Stochastic Theory and Control}, author={Hanson, Floyd B. and Westman, John J.}, year={2002}, pages={169–183}} 
 @misc{matsuda_2017, title={Introduction to merton jump diffusion model}, url={https://www.academia.edu/33338787/Introduction_to_Merton_Jump_Diffusion_Model}, journal={Academia.edu}, author={Matsuda, Kazuhisa}, year={2017}, month={Jun}} 
 @misc{papanicolaou_2019, title={Introduction to stochastic differential equations (sdes) for Finance}, url={https://arxiv.org/abs/1504.05309}, journal={arXiv.org}, author={Papanicolaou, Andrew}, year={2019}, month={Jan}} 
 @book{rosenkrantz_2009, place={Boca Raton, FL}, title={Introduction to probability and statistics for Science, Engineering, and Finance}, publisher={Chapman &amp; Hall}, author={Rosenkrantz, Walter A.}, year={2009}}
 @article{merton_1976, title={Option pricing when underlying stock returns are discontinuous}, volume={3}, DOI={10.1016/0304-405x(76)90022-2}, number={1-2}, journal={Journal of Financial Economics}, author={Merton, Robert C.}, year={1976}, pages={125–144}} 
 @book{cont_tankov_2015, place={Boca Raton, FL}, title={Financial modelling with Jump Processes}, publisher={CRC Press}, author={Cont, Rama and Tankov, Peter}, year={2015}} 
@misc{tang_2018, title={Merton jump-diffusion modeling of stock price data}, url={http://www.diva-portal.org/smash/record.jsf?pid=diva23A1257256}, journal={DIVA}, author={Tang, Furui}, year={2018}, month={Oct}} 
@book{tsay_2016, place={New Delhi}, title={Analysis of Financial Time Series}, publisher={Wiley India}, author={Tsay, Ruey S.}, year={2016}} 
@book{campolieti_2014, title={Financial mathematics: A comprehensive treatment}, author={Campolieti, Giuseppe}, year={2014}} 
@book{hanson_2007, place={Philadelphia, Pa}, title={Applied Stochastic Processes and control for jump-diffusions: Modeling, analysis, and computation}, publisher={Siam}, author={Hanson, Floyd B.}, year={2007}} 
@book{oksendal_2013, place={Heidelberg}, title={Stochastic differential equations: An introduction with applications}, publisher={Springer}, author={Øksendal, B. K.}, year={2013}} 
@article{black_scholes_1973, title={The pricing of options and corporate liabilities}, volume={81}, DOI={10.1086/260062}, number={3}, journal={Journal of Political Economy}, author={Black, Fischer and Scholes, Myron}, year={1973}, pages={637–654}}
@article{merton_1974, title={On the pricing of corporate debt: The risk structure of interest rates}, volume={29}, DOI={10.2307/2978814}, number={2}, journal={The Journal of Finance}, author={Merton, Robert C.}, year={1974}, pages={449}} 